<record><leader>00000cas a22000007a 4500</leader><controlfield tag="001">41028701</controlfield><controlfield tag="008">990324d1910192utnuwr ne      0    0eng d</controlfield><datafield ind1=" " ind2=" " tag="010"><subfield code="a">sn 99065768 </subfield></datafield><datafield ind1=" " ind2=" " tag="040"><subfield code="a">TGN</subfield><subfield code="b">eng</subfield><subfield code="c">TGN</subfield><subfield code="d">OCLCQ</subfield><subfield code="d">OCLCF</subfield><subfield code="d">OCLCO</subfield></datafield><datafield ind1="1" ind2=" " tag="029"><subfield code="a">AU@</subfield><subfield code="b">000020041920</subfield></datafield><datafield ind1=" " ind2=" " tag="042"><subfield code="a">msc</subfield></datafield><datafield ind1=" " ind2=" " tag="043"><subfield code="a">n-us-tn</subfield></datafield><datafield ind1="0" ind2="0" tag="245"><subfield code="a">Weekly Mt. Pleasant record.</subfield></datafield><datafield ind1="3" ind2=" " tag="246"><subfield code="a">Weekly Mount Pleasant record</subfield></datafield><datafield ind1="3" ind2="0" tag="246"><subfield code="a">Mt. Pleasant record</subfield></datafield><datafield ind1="3" ind2=" " tag="246"><subfield code="a">Mount Pleasant record</subfield></datafield><datafield ind1=" " ind2=" " tag="260"><subfield code="a">Mt. Pleasant, Tenn. :</subfield><subfield code="b">[M.B. Young]</subfield></datafield><datafield ind1=" " ind2=" " tag="300"><subfield code="a">v.</subfield></datafield><datafield ind1=" " ind2=" " tag="310"><subfield code="a">Weekly</subfield></datafield><datafield ind1="1" ind2=" " tag="362"><subfield code="a">Began in 1910.</subfield></datafield><datafield ind1=" " ind2=" " tag="515"><subfield code="a">Weekly ed. volume numbering ceases with Vol. 5, serial no. 465, (Dec. 30, 1910) = weekly ed. v. 1, no. 5.</subfield></datafield><datafield ind1=" " ind2=" " tag="515"><subfield code="a">Weekly ed. issue numbering ceases with &lt;Vol. 10, serial no. 781 (Nov. 3, 1916) = weekly ed. no. 49&gt;</subfield></datafield><datafield ind1=" " ind2=" " tag="588"><subfield code="a">Description based on: Vol. 5, serial no. 465 (Dec. 30, 1910) = weekly ed. v. 1, no. 5.</subfield></datafield><datafield ind1=" " ind2="0" tag="651"><subfield code="a">Mount Pleasant (Tenn.)</subfield><subfield code="v">Newspapers.</subfield></datafield><datafield ind1=" " ind2="0" tag="651"><subfield code="a">Maury County (Tenn.)</subfield><subfield code="v">Newspapers.</subfield></datafield><datafield ind1=" " ind2="7" tag="655"><subfield code="a">Newspapers.</subfield><subfield code="2">fast</subfield><subfield code="0">(OCoLC)fst01423814</subfield></datafield><datafield ind1=" " ind2="7" tag="651"><subfield code="a">Tennessee</subfield><subfield code="z">Maury County.</subfield><subfield code="2">fast</subfield><subfield code="0">(OCoLC)fst01211410</subfield></datafield><datafield ind1=" " ind2="7" tag="651"><subfield code="a">Tennessee</subfield><subfield code="z">Mount Pleasant.</subfield><subfield code="2">fast</subfield><subfield code="0">(OCoLC)fst01229531</subfield></datafield><datafield ind1=" " ind2=" " tag="752"><subfield code="a">United States</subfield><subfield code="b">Tennessee</subfield><subfield code="c">Maury</subfield><subfield code="d">Mount Pleasant.</subfield></datafield><datafield ind1="0" ind2=" " tag="775"><subfield code="t">Mt. Pleasant daily advertiser</subfield><subfield code="g">1910-1911</subfield><subfield code="w">(DLC)sn 99065765</subfield></datafield><datafield ind1="0" ind2="0" tag="780"><subfield code="t">Twice-a-week Mt. Pleasant record</subfield><subfield code="w">(DLC)sn 99065762</subfield></datafield><datafield ind1="0" ind2="0" tag="785"><subfield code="t">Mt. Pleasant record (Mount Pleasant, Tenn. : 1925)</subfield><subfield code="w">(DLC)sn 89058351</subfield></datafield></record>